@article{laan,
    AUTHOR = {Laan, Corine M. and Timmer, Judith and Boucherie, Richard J.},
     TITLE = {Non-cooperative queueing games on a network of single server queues},
   JOURNAL = {Queueing Systems},
  FJOURNAL = {Queueing Systems},
    VOLUME = {97},
      YEAR = {2021},
     PAGES = {279–-301},
}

@book{rqhassin,
    AUTHOR = {Hassin, R.},
     TITLE = {Rational Queueing},
    SERIES = {},
 PUBLISHER = {Chapman and Hall/CRC},
   ADDRESS = {Boca Raton},
      YEAR = {2016},
     PAGES = {207--229},
}

@book{stidham,
    AUTHOR = {Stidham Jr., S.},
     TITLE = {Optimal Design of Queueing Systems},
    SERIES = {},
 PUBLISHER = {Chapman and Hall/CRC},
   ADDRESS = {Boca Raton},
      YEAR = {2009},
     PAGES = {317--342},
}

@book{gross,
    AUTHOR = {Gross, Donald and Harris, Carl M. and Shortle, John F. and Thompson, James M.},
     TITLE = {Fundamentals of queueing theory},
    SERIES = {},
 PUBLISHER = {John Wiley and Sons},
   ADDRESS = {},
      YEAR = {2018},
     PAGES = {},
}

@book{osborne,
    AUTHOR = {Osborne, Martin J.},
     TITLE = {An Introduction to Game Theory},
    SERIES = {},
 PUBLISHER = {Oxford University Press},
   ADDRESS = {},
      YEAR = {2004},
     PAGES = {},
}

@article{ferreira,
    AUTHOR = {Ferreira, Manuel Alberto M. and Andrade, Marina and Filipe, José António and Coelho, Manuel Pacheco},
     TITLE = {Statistical Queuing Theory with Some Applications},
   JOURNAL = {Int. J Latest Trends Fin. Eco. Sc.},
  FJOURNAL = {Int. J Latest Trends Fin. Eco. Sc.},
    VOLUME = {1},
      YEAR = {2011},
    NUMBER = {4},      
     PAGES = {190--195},
}
